@Misc{AC:BoyPas15,
  author =       "Elette Boyle and
                  Rafael Pass",
  title =        "Limits of Extractability Assumptions with Distributional Auxiliary Input",
  year =         2015,
  howpublished = "ASIACRYPT",
  note = {To appear. Also available in Cryptology ePrint Archive, Report 2013/703}
}

@article{BarGol08,
author = {Boaz Barak and Oded Goldreich},
title = {Universal Arguments and their Applications},
journal = {SIAM Journal on Computing},
volume = {38},
number = {5},
pages = {1661-1694},
year = {2008},
}

@article{Micali00,
author = {Silvio Micali},
title = {Computationally Sound Proofs},
journal = {SIAM Journal on Computing},
volume = {30},
number = {4},
pages = {1253-1298},
year = {2000},
doi = {10.1137/S0097539795284959},
}

@article{BopHasZac87,
title = "Does co-NP have short interactive proofs? ",
journal = "Information Processing Letters ",
volume = "25",
number = "2",
pages = "127 - 132",
year = "1987",
note = "",
issn = "0020-0190",
doi = "http://dx.doi.org/10.1016/0020-0190(87)90232-8",
author = "Ravi B. Boppana and Johan Hastad and Stathis Zachos",
}


@article{GolHas98,
title = "On the complexity of interactive proofs with bounded communication ",
journal = "Information Processing Letters ",
volume = "67",
number = "4",
pages = "205 - 214",
year = "1998",
note = "",
issn = "0020-0190",
doi = "http://dx.doi.org/10.1016/S0020-0190(98)00116-1",
author = "Oded Goldreich and Johan H{\aa}stad",
}

@article{GolVadWig02,
year={2002},
issn={1016-3328},
journal={computational complexity},
volume={11},
number={1-2},
doi={10.1007/s00037-002-0169-0},
title={On interactive proofs with a laconic prover},
publisher={Birkh√§user-Verlag},
keywords={Interactive proof systems; Arthur-Merlin games; NP; sampling protocols; statistical zero-knowledge; game theory; 68Q05; 68Q10; 68Q15; 91A05},
author={Goldreich, Oded and Vadhan, Salil and Wigderson, Avi},
pages={1-53},
language={English}
}

@article{BraChaCre88,
 author = {Brassard, Gilles and Chaum, David and Cr{\'e}peau, Claude},
 title = {Minimum Disclosure Proofs of Knowledge},
 journal = {J. Comput. Syst. Sci.},
 issue_date = {October 1988},
 volume = {37},
 number = {2},
 month = oct,
 year = {1988},
 issn = {0022-0000},
 pages = {156--189},
 numpages = {34},
 doi = {10.1016/0022-0000(88)90005-0},
 acmid = {53817},
 publisher = {Academic Press, Inc.},
 address = {Orlando, FL, USA},
} 




